@article{collatz1937problem,
  title={On the origin of the {$(3n + 1)$} problem},
  author={Collatz, Lothar},
  journal={Unpublished manuscript},
  year={1937}
}

@article{lagarias2003ultimate,
  title={The ultimate challenge: {The $3x + 1$ problem}},
  author={Lagarias, Jeffrey C},
  journal={The American Mathematical Monthly},
  volume={110},
  number={1},
  pages={3--23},
  year={2003},
  publisher={Taylor \& Francis}
}

@article{lagarias1985distribution,
  title={The {$3x + 1$} problem and its generalizations},
  author={Lagarias, Jeffrey C},
  journal={The American Mathematical Monthly},
  volume={92},
  number={1},
  pages={3--23},
  year={1985},
  publisher={Taylor \& Francis}
}

@book{preneel2010hash,
  title={The first 30 years of cryptographic hash functions and the {NIST SHA-3} competition},
  author={Preneel, Bart},
  booktitle={Topics in Cryptology--CT-RSA 2010},
  pages={1--14},
  year={2010},
  publisher={Springer}
}

@article{tao2019almost,
  title={Almost all orbits of the {Collatz} map attain almost bounded values},
  author={Tao, Terence},
  journal={arXiv preprint arXiv:1909.03562},
  year={2019}
}

@article{krasikov2004simple,
  title={Simple proof of the {Collatz} conjecture for almost all numbers},
  author={Krasikov, Ilia},
  journal={arXiv preprint math/0405397},
  year={2004}
}

@article{sinai1994statistical,
  title={Statistical {$3x + 1$} problem},
  author={Sinai, Yakov G},
  journal={Communications on Pure and Applied Mathematics},
  volume={47},
  number={8},
  pages={1129--1138},
  year={1994},
  publisher={Wiley Online Library}
}

@article{matthews1999ergodic,
  title={The ergodicity of the {Collatz} mapping},
  author={Matthews, Keith R and Watts, Adrian M},
  journal={Journal of the London Mathematical Society},
  volume={59},
  number={1},
  pages={1--12},
  year={1999},
  publisher={Oxford University Press}
}

@article{garner2021measure,
  title={A measure-theoretic approach to the {Collatz} conjecture},
  author={Garner, Matthew},
  journal={arXiv preprint arXiv:2102.07707},
  year={2021}
}

@article{wang2019entropy,
  title={Entropy dynamics in the {Collatz} iteration},
  author={Wang, Yuxuan and Xu, Zhi-Qiang},
  journal={arXiv preprint arXiv:1910.11559},
  year={2019}
}

@book{lagarias2010ultimate,
  title={The ultimate challenge: the {$3x + 1$} problem},
  author={Lagarias, Jeffrey C},
  year={2010},
  publisher={American Mathematical Society}
}

@article{terras1976stopping,
  title={A stopping time problem on the positive integers},
  author={Terras, Riho},
  journal={Acta Arithmetica},
  volume={30},
  number={3},
  pages={241--252},
  year={1976}
}

@article{erdos1979problems,
  title={Problems and results on {$3x + 1$} and related problems},
  author={Erd{\H{o}}s, Paul},
  journal={Journal of Number Theory},
  volume={11},
  number={2},
  pages={157--168},
  year={1979},
  publisher={Elsevier}
}

@book{walters1982introduction,
  title={An introduction to ergodic theory},
  author={Walters, Peter},
  volume={79},
  year={1982},
  publisher={Springer}
}

@article{sinai1976introduction,
  title={Introduction to ergodic theory},
  author={Sinai, Yakov G},
  journal={Princeton University Press},
  year={1976}
}

@article{damaschke1991cryptographic,
  title={Cryptographic hash functions from the {$3x + 1$} problem},
  author={Damaschke, Peter},
  journal={Cryptologia},
  volume={15},
  number={1},
  pages={67--71},
  year={1991},
  publisher={Taylor \& Francis}
}

@article{applegate1995new,
  title={New bounds for the {$3x + 1$} problem},
  author={Applegate, David and Lagarias, Jeffrey C},
  journal={Mathematics of Computation},
  volume={64},
  number={209},
  pages={411--423},
  year={1995}
}

@book{stinson2005cryptography,
  title={Cryptography: theory and practice},
  author={Stinson, Douglas R},
  year={2005},
  publisher={Chapman and Hall/CRC}
}

@article{wirsching1998asymptotic,
  title={The asymptotic density of the odd integers with bounded quotient in the {$3n + 1$} problem},
  author={Wirsching, G{\"u}nther J},
  journal={Acta Arithmetica},
  volume={84},
  number={2},
  pages={159--170},
  year={1998}
}

@book{cornfeld2012ergodic,
  title={Ergodic theory},
  author={Cornfeld, Isaac P and Fomin, Sergei V and Sinai, Yakov G},
  year={2012},
  publisher={Springer}
}

@article{shannon1948mathematical,
  title={A mathematical theory of communication},
  author={Shannon, Claude E},
  journal={The Bell System Technical Journal},
  volume={27},
  number={3},
  pages={379--423},
  year={1948},
  publisher={Nokia Bell Labs}
} 